@article{wulf_mckee_1995,
title={Hitting the memory wall},
volume={23},
url={http://www.eecs.ucf.edu/~lboloni/Teaching/EEL5708_2006/slides/wulf94.pdf},
note={Last visit: 2017-03-13},
DOI={10.1145/216585.216588},
number={1},
journal={ACM SIGARCH Computer Architecture News},
author={Wulf, Wm. A. and Mckee, Sally A.},
year={1995},
month={Jan},
pages={20â€“24}
}
